<?xml version="1.0" encoding="UTF-8"?><collection xmlns="http://www.loc.gov/MARC21/slim"><record><leader>00493nam--2200133-i-4500</leader><controlfield tag="001">000034425</controlfield><controlfield tag="002">20161230</controlfield><controlfield tag="005">20161230201040</controlfield><controlfield tag="008">060222s1000------------r-----000-0-eng-d</controlfield><datafield ind1=" " ind2=" " tag="080"><subfield code="a">621.3</subfield></datafield><datafield ind1=" " ind2=" " tag="100"><subfield code="a">Nicolai, Reus</subfield></datafield><datafield ind1=" " ind2=" " tag="245"><subfield code="a">Onoua metoda grafo-simbolica de analiza si sinteza a sistemelor discrete de actionare electrica.rezumatul tezei de dizertatie pentru obtinerea titlului de doctor inginer</subfield></datafield><datafield ind1=" " ind2=" " tag="260"><subfield code="a">Iasi, Institutul Politehnic-facultatea De Electrotehnica, 1969. 59p</subfield></datafield><datafield ind1=" " ind2=" " tag="852"><subfield code="a">30568</subfield></datafield></record></collection>